@inproceedings{golyandina2020,
  title={Particularities and commonalities of singular spectrum analysis as a method of time series analysis and signal processing},
  author={Nina Golyandina},
  booktitle={WIREs Computational Statistics},
  year={2020},
  organization={WIREs}
}

@article{kouchaki2013,
  title={Tensor based singular spectrum analysis for nonstationary source separation},
  author={Kouchaki, Sanei},
  year={2013},
  organization={IEEE},
  doi={10.1109/mlsp.2013.6661921},
}

@article{kouchaki2015,
  title={Tensor based Singular Spectrum Analysis for Automatic Scoring of Sleep EEG},
  author={Samaneh Kouchaki, Saeid Sanei, DerkJan Dijk},
  year={2015}
}

@article{usmanova20,
  title={Models of detection relationship between time series in forecasting problems},
  author={K.R. Usmanova, V.V. Strijov},
  year={2018}
}